@Article{west2000schlange,
	author = {West, John Anthony},
	title = {Die Schlange am Firmament},
	journal = {Die Weisheit des Alten {\"{A}}gypten. Frankfurt aM (Zweitausendeins)},
	year = {2000},
}

@Book{Hornung91,
	Address = {Z{\"{u}}rich, M{\"{u}}nchen},
	Isbn = {3-7608-1036-5},
	Note = {Mit Literaturhinw.},
	Publisher = {Artemis \& Winkler},
	author = {Hornung, Erik},
	title = {Die Nachtfahrt der Sonne : eine alt{\"{a}}gyptische Beschreibung des Jenseits},
	year = {1991},
}

@book{Teichmann99,
	address = {Stuttgard},
	edition = {1.},
	publisher = {Verlag Freies Geistesleben},
	author = {Teichmann, Frank},
	title = {Die {\"{a}}gyptischen Mysterien},
	year = {1999},
}

@misc{WikipediaIsis,
	howpublished = {Internet},
	author = {Wikipedia},
	title = {https://de.wikipedia.org/wiki/Isis},
	year = {2016},
}

@book{Graf10,
	address = {K{\"{o}}nigsdorf},
	edition = {2.},
	publisher = {K{\"{o}}nigsdorfer Verlag},
	author = {Graf von Saint-Germain, Leopold-Georg and Dietzfelbinger, Konrad},
	title = {Die hochheilige Trinosophia},
	year = {2010},
}

@book{Dietzfelbinger10,
	address = {K{\"{o}}nigsdorf},
	edition = {3.},
	publisher = {K{\"{o}}nigsdorfer Verlag},
	author = {Dietzfelbinger, Konrad},
	title = {Mysterienschulen},
	year = {2010},
}

@book{Meier86,
	address = {Basel},
	publisher = {Litera Buch- und Verlags-Aktiengesellschaft},
	author = {Meier, A. Eugen},
	title = {Vogel Gryff},
	year = {1986},
}

@book{Kolpaktchy79,
	address = {Bern-M{\"{u}}nchen-Wien},
	edition = {6.},
	publisher = {Scherz Verlag f{\"{u}}r Otto Wilhelm Barth Verlag},
	author = {Kolpaktchy, Gregoire, {\"{U}}bersetz. },
	title = {Das  {\"{a}}gyptische Totenbuch},
	year = {1979},
}

@book{Derungs04,
	address = {Grenchen, Schweiz},
	edition = {2. erweiterte Neuausgabe},
	publisher = {edition amalia, },
	author = {Derungs, Kurt},
	title = {Geheimnisvolles Basel},
	year = {2004},
}

@book{Andrew06,
	address = {M{\"{u}}nchen},
	publisher = {arsEdition GmbH},
	author = {Andrew, Ian and Harris, Nick and Ward, Helen and Lambert, Jonathan and Ta, Nghiem},
	title = {{\"{A}}gypten},
	year = {2006},
}

@book{Brunner-Traut87,
	address = {Stuttgart},
	edition = {4.},
	publisher = {W. Kohlhammer GmbH},
	author = {Brunner-Traut, Emma},
	title = {Die alten {\"{A}}gypter},
	year = {1987},
}

@book{Bauval98,
	address = {M{\"{u}}nchen},
	edition = {Sonderausgabe},
	publisher = {Paul List Verlag GmbH \& Co KG},
	author = {Bauval, Robert and Handcock Graham},
	title = {Der Schl{\"{u}}ssel der Sphinx},
	year = {1998},
}

@book{Bauval94,
	address = {M{\"{u}}nchen},
	publisher = {Paul List Verlag GmbH \& Co KG},
	author = {Bauval, Robert and Gilbert, Adrian},
	title = {Das Geheimnis des Orion},
	year = {1994},
}

@book{Paganini05,
	address = {Jestetten, Deutschland},
	edition = {1.},
	publisher = {Govinda-Verlag},
	author = {Paganini, Rico and Risi, Armin},
	title = {Die Giza-Mauer},
	year = {2005},
}

@book{S98,
	address = {Augsburg},
	publisher = {Weltbild-Verlag GmbH},
	author = {Sandison, David},
	title = {Hieroglyphen},
	year = {1998},
}

@book{Wiese01,
	address = {Mainz am Rhein},
	publisher = {Verlag Philipp von Zabern},
	author = {Wiese, Andrew},
	title = {Antikenmuseum Basel und Sammlung Ludwig Die {\"{a}}gyptische Abteilung},
	year = {2001},
}

@book{Lange78,
	address = {M{\"{u}}nchen},
	edition = {Sonderausgabe},
	publisher = {Hirmer-Verlag},
	author = {Lange, Kurt and Hirmer Max},
	title = {{\"{A}}gypten},
	year = {1978},
}

@book{04,
	address = {Basel},
	editor = {Wiese, Andr{\'{e}} and Brodbeck Andreas},
	publisher = {Antikenmuseum Basel und Sammlung Ludwig},
	title = {Tutanchamun, Das goldene Jenseits},
	year = {2004},
}

@book{Unknown94,
	address = {San Francisco},
	edition = {1.},
	publisher = {Chronicle Books LLG},
	series = {The Complete Papyrus of Ani},
	author = {Unknown, Scribes and Artists},
	title = {The egyptian Book of the Dead},
	year = {1994},
}

@proceedings{03,
	address = {Sch{\"{a}}ffern},
	organization = {Edgar Cayce Gruppe Schweiz Z{\"{u}}rich},
	publisher = {Arcturus Verlag},
	title = {Edgar Cayce und das antike {\"{A}}gypten},
	year = {2003},
}

@book{Uxkull97,
	address = {Wuppertal},
	publisher = {R{\"{u}}ggeberg-Verlag},
	author = {Uxkull von, Woldemar},
	title = {Eine Einweihung in alten {\"{A}}gypten},
	year = {1997},
}

@book{Weden78,
	address = {Frankfurt am Main},
	edition = {Originalausgabe},
	publisher = {Fischer Taschenbuch Verlag GmbH},
	author = {Weden, Wilhelm and Spindler, Wolf},
	title = {{\"{A}}gyptische Einweihung},
	year = {1978},
}

@book{Steiner92,
	address = {Dornach},
	edition = {5.},
	publisher = {Rudolf Steiner Verlag},
	series = {GA 106},
	author = {Steiner, Rudolf},
	title = {{\"{A}}gyptische Mythen und Mysterien},
	year = {1992},
}

@book{Blume13,
	address = {Filderstadt},
	edition = {1.},
	publisher = {sciebooks Verlag Zehra Blume},
	series = {Freimaurer, Rosenkreuzer, Illuminaten},
	author = {Blume, Michael},
	title = {Symbole, Geschichte, Einfluss \& Wirkung},
	volume = {2},
	year = {2013},
}

@book{Steiner60,
	address = {Freiburg i. Breisgau},
	edition = {3-},
	editor = {Lauer, Hans Erhard},
	publisher = {Novalis-Verlag},
	series = {GA 105},
	author = {Steiner, Rudolf},
	title = {Welt, Erde und Mensch},
	year = {1960},
}

@book{Crowley85,
	address = {M{\"{u}}nchen},
	edition = {3.},
	publisher = {Urania Verlag},
	author = {Crowley, Aleister},
	title = {Das Buch Thoth ({\"{A}}gyptischer Tarot)},
	year = {1985},
}

@book{Hornung97,
	address = {Augsburg},
	edition = {Lizensausgabe},
	publisher = {Weltbild Verlag GmbH},
	author = {Hornung, Erik},
	title = {Die Unterweltsb{\"{u}}cher der {\"{A}}gypter},
	year = {1997},
}

@book{von11,
	edition = {Faksimile},
	publisher = {Nabu Press},
	author = {von Train, Joseph Karl},
	title = {Giuseppe balsamo, der  ber{\"{u}}chtigste Abenteurer und Betr{\"{u}}ger seines Zeitalters},
	year = {2011},
}

@book{Hagenbach12,
	edition = {Faksimile},
	publisher = {Nabu Press},
	author = {Hagenbach, Karl Rudolf},
	title = {Jakob Sarasin und seine Freunde},
	year = {2012},
}

@book{von88,
	address = {Berlin},
	publisher = {Berliner Handpresse},
	author = {von der Recke, Charlotta Elisabeth Konstantia},
	title = {Nachricht von des ber{\"{u}}chtigten Cagliostro Aufenthalte in Mitau, im Jahre 1779, und von dessen dortigen magischen Operationen},
	year = {1988},
}

@book{Rotterdam14,
	address = {Stuttgart},
	publisher = {Reclam},
	series = {Reclams Universal-Bibliothek Nr. 1907},
	author = {Rotterdam, Erasmus von},
	title = {das Lob der Torheit},
	year = {2014},
}

@book{Rotterdam11,
	address = {Mainz},
	publisher = {Dieterich'sche Verlagsbuchhandlung},
	author = {Rotterdam, Erasmus von},
	title = {Papst  Julius vor der Himmelst{\"{u}}r},
	year = {2011},
}

@book{Bachofen75,
	address = {Frankfurt am Main},
	edition = {1.},
	publisher = {Suhrkamp Taschenbuch Verlag},
	author = {Bachofen, Johann Jakob},
	title = {Das Mutterrecht},
	year = {1975},
}

@book{Paracelsus12,
	address = {Waltrop},
	editor = {Hermetischer Bund},
	publisher = {Christof Uiberreiter Verlag},
	series = {Sonderausgabe Nr VI},
	author = {Paracelsus},
	title = {{\"{U}}ber die 5 Elemente},
	year = {2012},
}

@book{Brant13,
	address = {Wiesbaden},
	publisher = {Matrixverlag GmbH},
	author = {Brant, Sebastian},
	title = {Das Narrenschiff},
	year = {2013},
}

@book{Hofmeier12,
	address = {Berlin \& Basel},
	edition = {1. Originalausgabe},
	publisher = {Leonhard-Thurneysser-Verlag},
	series = {secretBasel 5},
	author = {Hofmeier, Thomas},
	title = {Rufmord, Leonhard Thurneysser},
	year = {2012},
}

@book{Spaar13,
	address = {Basel},
	edition = {1.},
	publisher = {Futurum Verlag},
	author = {Spaar, Michaela},
	title = {Odilia},
	year = {2013},
}

@phdthesis{Tschacher00,
	address = {Aachen},
	school = {Techn. Hochsch.},
	author = {Tschacher Werner},
	title = {Der Formicarius des Johannes Nider von 1437/38},
	year = {2000},
}

@book{Moore14,
	address = {Hamburg},
	edition = {1.},
	publisher = {Aurinia Verlag},
	author = {Moore, Robert and Gillette, Douglas},
	title = {K{\"{o}}nig, Krieger, Magier, Liebhaber},
	year = {2014},
}

@book{Francia10,
	address = {M{\"{u}}nchen},
	publisher = {nymphenburger i.d. F.A.Herbig Verlagsbuchhandlung GmbH},
	author = {Francia, Luisa},
	title = {Die G{\"{o}}ttin im Federkleid},
	year = {2010},
}

@book{Frey10,
	address = {K{\"{o}}then},
	publisher = {Hemann-Joseph Emons Verlag},
	author = {Frey, N. James},
	title = {Wie man einen verdammt guten Roman schreibt},
	year = {2010},
}

@book{Frey11,
	address = {K{\"{o}}then},
	publisher = {Hermann-Joseph Emons Verlag},
	author = {Frey, N. James},
	title = {Wie man einen verdammt guten Roman schreibt 2},
	year = {2011},
}

@article{Eugster16,
	author = {Eugster, Andreas},
	title = {Unfassbar, Die Geister, die ich rief},
	journal = {Coopzeitung},
	number = {Nr. 43},
	pages = {13-17},
	year = {2016},
}

@book{Doughty16,
	address = {M{\"{u}}nchen},
	publisher = {Verlag C.H. Beck oHG},
	author = {Doughty, Caitlin},
	title = {Fragen Sie Ihren Bestatter},
	year = {2016},
}

@misc{Wegm√ºller04,
	howpublished = {Orakelkarten},
	note = {K{\"{o}}nigsfurt-Urania Verlag/PRO},
	author = {Wegm{\"{u}}ller, Walter and Golowin, Sergius},
	title = {Zigeunertarot},
	year = {2004},
}

@misc{Crowley69,
	howpublished = {Orakelkarten},
	note = {K{\"{o}}nigsfurt-Urania Verlag},
	author = {Crowley, Aleister},
	title = {Thoth Tarot},
	year = {1969},
}

@book{Hofmeier14,
	address = {Berlin \& Basel},
	publisher = {Leonhard-Thurneysser-Verlag},
	series = {secretbasel 1.1},
	author = {Hofmeier, Thomas},
	title = {Hauptstadt der Alchemie},
	year = {2014},
}

@book{Hofmeier13,
	address = {Berlin \& Basel},
	publisher = {eonhard-Thurneysser-Verlag},
	series = {secretBasel 2},
	author = {Hofmeier, Thomas},
	title = {Basels Ungeheuer},
	year = {2013},
}

@book{Hofmeier16,
	address = {Berlin \& Basel},
	publisher = {Leonhard-Thurneysser-Verlag},
	series = {secretBasel 6},
	author = {Hofmeier, Thomas},
	title = {{\"{U}}ber den D{\"{a}}chern Basels},
	year = {2016},
}

@book{Graber85,
	address = {Basel},
	publisher = {Friedrich Reinhardt Verlag},
	author = {Graber, Rudolf},
	title = {Die Basler F{\"{a}}hrengeschichten},
	year = {1985},
}

@book{Gerber08,
	address = {Basel},
	publisher = {Friedrich Reinhardt Verlag},
	author = {Gerber, Kurt},
	title = {Spuk- und Hexengeschichten aus der Region Basel},
	year = {2008},
}

@book{Lendorf66,
	address = {Basel},
	publisher = {Birkh{\"{a}}user Verlag},
	author = {Lendorf, Gertrud},
	title = {Kleine Geschichte der Baslerin},
	year = {1966},
}

@book{Zihlmann-M√§rki10,
	address = {Z{\"{u}}rich},
	publisher = {Chronos-Verlag},
	author = {Zihlmann-M{\"{a}}rki, Patricia},
	title = {"Gott gebe das wir das Liebe Engelein mit Fre{\"{u}}den wieder sehen M{\"{o}}gen"},
	year = {2010},
}

@book{Pini00,
	address = {Basel},
	editor = {Staatskanzlei des Kantons Basel-Stadt},
	publisher = {Schwabe \& Co AG Verlag},
	author = {Pini, Elena and Heyne, K. Andreas},
	title = {Beitreten oder nicht? Wie Basel zur Schweiz kam...},
	year = {2000},
}

@book{Egger90,
	address = {Basel},
	publisher = {Buchverlag Basler Zeitung und Historisches Museum Basel},
	author = {Egger, Franz},
	title = {Basler Totentanz},
	year = {1990},
}

@book{Lienhard03,
	address = {Basel},
	publisher = {Spalentor Verlag},
	author = {Lienhard, Christian and Widmer, Christiane},
	title = {Basler Basilisken},
	year = {2003},
}

@book{H√§nni08,
	address = {Baden \& M{\"{u}}nchen},
	publisher = {AT Verlag},
	author = {H{\"{a}}nni, Pier},
	title = {Magischer Jura},
	year = {2008},
}

@book{Schweizer-V√∂lker12,
	address = {Basel},
	edition = {3.},
	publisher = {Christoph Merian verlag},
	series = {Band 2},
	author = {Schweizer-V{\"{o}}lker, Edith and Schulte-Kellinghaus, Martin},
	title = {Mythische Orte am oberrhein},
	year = {2012},
}

@book{Merz99,
	address = {Aarau/Schweiz},
	edition = {4.},
	publisher = {AT Verlag},
	author = {Merz, Blanche},
	title = {Orte der Kraft in der Schweiz},
	year = {1999},
}

@book{Krause07,
	address = {Frankfurt am Main},
	edition = {2.},
	publisher = {Campus Verlag},
	author = {Krause, Arnulf},
	title = {Die Welt der Kelten},
	year = {2007},
}

@book{d'Aujourd'hui90,
	address = {Basel},
	edition = {2.},
	publisher = {ch{\"{a}}ologische Bodenforschung des Kantons Basel-Stadt},
	series = {Sciptum zur Fr{\"{u}}hgeschichte Basels},
	author = {d'Aujourd'hui, Rolf},
	title = {Die Entwicklung Basels vom keltischen Oppidum zur hochmittelalterlichen Stadt},
	year = {1990},
}

@book{08,
	address = {Basel},
	editor = {arch{\"{a}}ologische Bodenforschung Basel-Stadt},
	publisher = {Christoph Merian Verlag},
	title = {Unter uns, Arch{\"{a}}ologie in Basel},
	year = {2008},
}

@book{Storl14,
	address = {M{\"{u}}nchen},
	edition = {1.},
	publisher = {Kailash Verlag},
	author = {Storl, Wolf Dieter},
	title = {Die alte G{\"{o}}ttin und ihre Pflanzen},
	year = {2014},
}

@book{Storl13,
	address = {Baden \& M{\"{u}}nchen},
	edition = {3.},
	publisher = {AT Verlag},
	author = {Storl, Wolf-Dieter},
	title = {Der B{\"{a}}r},
	year = {2013},
}

@book{Roob96,
	address = {K{\"{o}}ln},
	publisher = {Benedikt Taschen Verlag},
	author = {Roob, Alexander},
	title = {Alchemie \& Mystik},
	year = {1996},
}

@book{Hecht11,
	address = {Basel},
	editor = {arch{\"{a}}ologische Bodenforschung Basel-Stadt},
	publisher = {Christoph Merian Verlag},
	author = {Hecht, Yolanda and Niederh{\"{a}}user, ANdreas},
	title = {Alltagskultur und Totenrituale der Kelten},
	year = {2011},
}

@book{Steiner75,
	address = {Dornach, Schweiz},
	edition = {22.},
	editor = {Rudolf-Steiner-Nachlassverwaltung},
	publisher = {Rudolf Steiner Verlag},
	series = {GA 10},
	author = {Steiner, Rudolf},
	title = {Wie erlangt man Erkenntnisse der h{\"{o}}heren Welten?},
	year = {1975},
}

@book{14,
	address = {Basel},
	editor = {M.P. Steiner},
	publisher = {Edition Oriflamme},
	series = {Faksimile von 1503},
	title = {Das Corpus Hermeticum},
	year = {2014},
}

@misc{WikipediaThot,
	howpublished = {Internet},
	author = {Wikipedia},
	title = {https://de.wikipedia.org/wiki/Thot},
	year = {2016},
}

@misc{AnthrowikiThot,
	howpublished = {Internet},
	author = {Anthrowiki},
	title = {http://anthrowiki.at/Thot},
	year = {2016},
}

@misc{AnthrowikiCagliostro,
	howpublished = {Internet},
	author = {Anthrowiki},
	title = {http://anthrowiki.at/Graf_Alessandro_Cagliostro},
	year = {2016},
}

@misc{WikipediaCagliostro,
	howpublished = {Internet},
	author = {Wikipedia},
	title = {https://de.wikipedia.org/wiki/Alessandro_Cagliostro},
}

@misc{WikipediaPerchta,
	howpublished = {Internet},
	author = {Wikipedia},
	title = {https://de.wikipedia.org/wiki/Perchta},
	year = {2016},
}

@misc{WikipediaFrauHolle,
	howpublished = {Internet},
	author = {Wikipedia},
	title = {https://de.wikipedia.org/wiki/Frau_Holle},
	year = {2016},
}

@misc{InternetNerthus,
	howpublished = {Anthrowiki},
	author = {Internet},
	title = {http://anthrowiki.at/Nerthus},
	journal = {http://anthrowiki.at/Nerthus},
	year = {2016},
}

@misc{WikipediaEisenhans,
	howpublished = {Internet},
	author = {Wikipedia},
	title = {https://de.wikipedia.org/wiki/Der_Eisenhans},
	year = {2016},
}

@misc{WikipediaSilenos,
	howpublished = {Internet},
	author = {Wikipedia},
	title = {https://de.wikipedia.org/wiki/Silenos},
	year = {2016},
}

@misc{WikipediaSucellos,
	howpublished = {Internet},
	author = {Wikipedia},
	title = {https://de.wikipedia.org/wiki/Sucellus},
	year = {2026},
}

@misc{CeltoiwikiSucellos,
	howpublished = {Internet},
	author = {Celtoiwiki},
	title = {http://wiki.celtoi.org/Sucellus},
	year = {2016},
}

@book{G√∂drich15,
	address = {Stuttgard},
	publisher = {J. Ch. Mellinger Verlag GmbH},
	author = {G{\"{o}}drich, Manfred},
	title = {Das Kloster Odilienberg als Zentrum des esoterischen CHristentums},
	year = {2015},
}

@book{Storl14,
	address = {M{\"{u}}nchen},
	edition = {1.},
	publisher = {Kailash Verlag},
	author = {Storl, Wolf-Dieter},
	title = {Die alte G{\"{o}}ttin und ihre Pflanzen},
	year = {2014},
}

@article{Egger15-1,
	author = {Egger Franz},
	title = {Der grosse Stadtplan von Matth{\"{a}}us Merian eine Utopie},
	journal = {hmb magazin},
	volume = {4},
	pages = {10-26},
	year = {2015},
}

@article{Egger15,
	author = {Egger, Franz},
	title = {Matth{\"{a}}us Merian d.{\"{A}}.},
	journal = {hmb magazin},
	volume = {4},
	pages = {6-9},
	year = {2015},
}

@article{Hofmeierhmb,
	author = {Hofmeier, Thomas},
	title = {Ansichtssache},
	journal = {hmb magazine},
	volume = {4},
	pages = {27-33},
	year = {2015},
}

@article{Hofmeier15,
	author = {Hofmeier Franz},
	title = {Ansichtssache},
	journal = {hmb magazin},
	volume = {4},
	pages = {27-33},
	year = {2015},
}

@book{Schwarz23,
	address = {Basel},
	editor = {Gesellschaft zur F{\"{o}}rderung des Guten und Gemeinn{\"{u}}tzigen},
	publisher = {Helbing \& Lichtenhahn},
	series = {Neujahrsblatt},
	author = {Schwarz Ferdinand},
	title = {Isaak Iselin, Jugend- und Bildungsjahre},
	volume = {101},
	year = {1923},
}

@book{Rapp89,
	address = {Basel},
	editor = {Baumann \& Cie, Banquiers},
	publisher = {Historisches Museum Basel},
	series = {Basler Kostbarkeiten},
	author = {Rapp Buri Anna and Stucky-Sch{\"{u}}rer Monica},
	title = {Der Flachsland-Teppich},
	volume = {10},
	year = {1989},
}

@misc{WikipediaIsteinerKlotz,
	howpublished = {Internet},
	author = {Wikipedia},
	title = {https://de.wikipedia.org/wiki/Isteiner_Klotz},
	year = {2017},
}

@misc{altbaselDavidJoris,
	howpublished = {Internet},
	author = {altbasel.ch geschichte},
	title = {http://www.altbasel.ch/dossier/david_joris.html},
	year = {2017},
}

@misc{wikivoyage√ÑgyptischEssenTrinken,
	howpublished = {Internet},
	author = {de.wikivoyage.org},
	title = {https://de.wikivoyage.org/wiki/Essen_und_Trinken_in_%C3%84gypten},
	year = {2017},
}

@misc{WikipediaWibrandisRosenblatt,
	howpublished = {Internet},
	author = {Wikipedia},
	title = {https://de.wikipedia.org/wiki/Wibrandis_Rosenblatt},
	year = {2016},
}

